@misc{ patashnik-bibtexing,
       author = "Oren Patashnik",
       title = "BIBTEXing",
       year = "1988" }

@article{mrx05, 
auTHor = "Mr. X", 
Title = {Something Great}, 
publisher = "nob" # "ody", 
YEAR = 2005, 
} 